@MISC{bib:url001,
  author = {Windows install | Flutter - System requirements},
  title = {https://docs.flutter.dev/get-started/install/windows\#system-requirements. Dostęp 11.02.2022},
  url = "https://docs.flutter.dev/get-started/install/windows#system-requirements"
}

@MISC{bib:url002,
  author = {Portel Schematics},
  title = {https://image.dfrobot.com/image/data/KIT0003/NEW/Free%20Life%20V1.0%20sch.pdf. Dostęp 20.01.2022},
  url = "https://image.dfrobot.com/image/data/KIT0003/NEW/Free%20Life%20V1.0%20sch.pdf"
}

@MISC{bib:url003,
  author = {EcoDuino\_-\_An\_Auto\_Plant\_Kit\_SKU\_\_KIT0003-DFRobot},
  title = {https://wiki.dfrobot.com/EcoDuino\_-\_An\_Auto\_Plant\_Kit\_SKU\_\_KIT0003. Dostęp 20.01.2022},
  url = "https://wiki.dfrobot.com/EcoDuino_-_An_Auto_Plant_Kit_SKU__KIT0003"
}

@MISC{bib:url004,
  author = {DHT 11 Library},
  title = {https://www.dfrobot.com.cn//images/upload/File/201709141149593byvtx.zip. Dostęp 12.01.2022},
  url = "https://www.dfrobot.com.cn//images/upload/File/201709141149593byvtx.zip"
}

@MISC{bib:url005,
  author = {Windows install | Flutter},
  title = {https://docs.flutter.dev/get-started/install/windows. Dostęp 11.02.2022},
  url = "https://docs.flutter.dev/get-started/install/windows"
}

@MISC{bib:url006,
  author = {Moisture\_Sensor\_\_SKU\_SEN0114\_-DFRobot},
  title = {https://wiki.dfrobot.com/Moisture\_Sensor\_\_SKU\_SEN0114\_. Dostęp 20.01.2022},
  url = "https://wiki.dfrobot.com/Moisture_Sensor__SKU_SEN0114_"
}

@MISC{bib:url007,
  author = {ASCII Table},
  title = {https://upload.wikimedia.org/wikipedia/commons/1/1b/ASCII-Table-wide.svg. Dostęp 14.02.2022},
  url = "https://upload.wikimedia.org/wikipedia/commons/1/1b/ASCII-Table-wide.svg"
}

@MISC{bib:url008,
  author = {Observer pattern - Wikipedia},
  title = {https://en.wikipedia.org/wiki/Observer\_pattern. Dostęp 06.02.2022},
  url = "https://en.wikipedia.org/wiki/Observer_pattern"
}

@MISC{bib:url009,
  author = {State pattern - Wikipedia},
  title = {https://en.wikipedia.org/wiki/State\_pattern. Dostęp 13.11.2021},
  url = "https://en.wikipedia.org/wiki/State_pattern"
}
